@article{author_topic_2012,
  author    = {Michal Rosen{-}Zvi and
               Thomas L. Griffiths and
               Mark Steyvers and
               Padhraic Smyth},
  title     = {The Author-Topic Model for Authors and Documents},
  journal   = {CoRR},
  volume    = {abs/1207.4169},
  year      = {2012},
  url       = {http://arxiv.org/abs/1207.4169},
  archivePrefix = {arXiv},
  eprint    = {1207.4169},
  timestamp = {Mon, 13 Aug 2018 16:46:39 +0200},
  biburl    = {https://dblp.org/rec/journals/corr/abs-1207-4169.bib},
  bibsource = {dblp computer science bibliography, https://dblp.org}
}

@article{blei2010supervised,
	title={Supervised topic models},
	author={Blei, David M and McAuliffe, Jon D},
	journal={arXiv preprint arXiv:1003.0783},
	year={2010}
}

@inproceedings{mimno2008topic,
	title={Topic models conditioned on arbitrary features with Dirichlet-multinomial regression.},
	author={Mimno, David M and McCallum, Andrew},
	booktitle={UAI},
	volume={24},
	pages={411--418},
	year={2008},
	organization={Citeseer}
}